<collection xmlns="http://www.loc.gov/MARC21/slim"><record><leader>00828nam  2200265   450</leader><controlfield tag="001">883</controlfield><controlfield tag="003">http://montalegre.opacnet.com/OPAC/default.aspx?ContentAreaControl=ShowRegHoldings.ascx&amp;RegNo=16662</controlfield><controlfield tag="005">20</controlfield><datafield tag="010" ind1=" " ind2=" "><subfield code="a">972-41-2204-2</subfield></datafield><datafield tag="021" ind1=" " ind2=" "><subfield code="a">PT</subfield><subfield code="b">173503/01</subfield></datafield><datafield tag="100" ind1=" " ind2=" "><subfield code="a">20020412d2001    ma y0pory0103    ba</subfield></datafield><datafield tag="101" ind1="1" ind2=" "><subfield code="a">por</subfield><subfield code="c">fre</subfield></datafield><datafield tag="102" ind1=" " ind2=" "><subfield code="a">PT</subfield></datafield><datafield tag="105" ind1=" " ind2=" "><subfield code="a">y   z   000yy</subfield></datafield><datafield tag="200" ind1="1" ind2=" "><subfield code="a">Nádia</subfield><subfield code="e">&lt;uma &gt;mulher no terror da Argélia</subfield><subfield code="f">Baya Gacemi</subfield><subfield code="g">trad. Egito Gonçalves</subfield></datafield><datafield tag="205" ind1=" " ind2=" "><subfield code="a">4ª ed</subfield></datafield><datafield tag="210" ind1=" " ind2=" "><subfield code="a">Porto</subfield><subfield code="c">Asa</subfield><subfield code="d">2001</subfield></datafield><datafield tag="215" ind1=" " ind2=" "><subfield code="a">121, [4] p.</subfield><subfield code="d">24 cm</subfield></datafield><datafield tag="225" ind1="2" ind2=" "><subfield code="a">Documentos</subfield></datafield><datafield tag="304" ind1=" " ind2=" "><subfield code="a">Tít. orig.: Moi, Nadia, femme d'un mir du Gia</subfield></datafield><datafield tag="675" ind1=" " ind2=" "><subfield code="a">82-94</subfield></datafield><datafield tag="700" ind1=" " ind2="1"><subfield code="a">Gacemi</subfield><subfield code="b">Baya</subfield></datafield><datafield tag="702" ind1=" " ind2="1"><subfield code="a">Gonçalves</subfield><subfield code="b">Egito</subfield><subfield code="f">1920-2001</subfield><subfield code="4">730</subfield></datafield><datafield tag="801" ind1=" " ind2="0"><subfield code="a">PT</subfield><subfield code="b">Biblioteca Municipal de Montalegre</subfield><subfield code="g">RPC</subfield></datafield><datafield tag="856" ind1=" " ind2=" "><subfield code="u">locateMedia.asp?cod=20060628094800&amp;ext=jpg</subfield><subfield code="z">CAPA</subfield></datafield><datafield tag="909" ind1="&#9;" ind2=" "><subfield code="a">1</subfield></datafield><datafield tag="966" ind1=" " ind2=" "><subfield code="a">0015711</subfield><subfield code="l">BMM</subfield><subfield code="s">SCG 82-94 GAC nád</subfield></datafield></record></collection>